@misc{derek,
  title = {{Derek Banas Java tutorial}},
  howpublished = {\url{https://www.youtube.com/watch?v=n-xAqcBCws4}},
}

@misc{javafile,
  title = {{Java Code Geeks: Write byte array to file with FileOutputStream}},
  howpublished = {\url{https://examples.javacodegeeks.com/core-java/io/fileoutputstream/write-byte-array-to-file-with-fileoutputstream/}},
}

@misc{programizhex,
  title = {{Programiz: Convert Byte Array to Hexadecimal}},
  howpublished = {\url{https://www.programiz.com/java-programming/examples/convert-byte-array-hexadecimal}},
}

@misc{stackparsestring,
  title = {{Stackexchange: How to parse string in Java?}},
  howpublished = {\url{https://stackoverflow.com/questions/950409/how-to-parse-this-string-in-java}},
}

@misc{int2byte,
  title = {{Convert integer into byte array (Java)}},
  howpublished = {\url{https://stackoverflow.com/questions/1936857/convert-integer-into-byte-array-java}},
}

@misc{javaDocs,
  title = {{Javaâ„¢ Platform, Standard Edition 7 API Specification}},
  howpublished = {\url{https://docs.oracle.com/javase/7/docs/api/index.html}},
}

@misc{timeAndDate,
  title = {{Java Date and Time}},
  howpublished = {\url{https://www.w3schools.com/java/java_date.asp}},
}

@misc{xor,
  title = {{Find XOR of all elements in an Array}},
  howpublished = {\url{https://www.geeksforgeeks.org/find-xor-of-all-elements-in-an-array/}},
}

@misc{javaPractice,
  title = {{A short summary of Java coding best practices}},
  howpublished = {\url{https://rhamedy.medium.com/a-short-summary-of-java-coding-best-practices-31283d0167d3}},
}

@misc{crc,
  title = {{Cyclic Redundancy Check | CRC | Example}},
  howpublished = {\url{https://www.gatevidyalay.com/cyclic-redundancy-check-crc-error-detection/}},
}

@misc{fsk,
  title = {{ How Modems Work}},
  howpublished = {\url{https://computer.howstuffworks.com/modem2.htm}},
}

@misc{vdsl,
  title = {{ How VDSL Work}},
  howpublished = {\url{https://computer.howstuffworks.com/vdsl.htm}},
}

@misc{modem,
  title = {{Wikipedia: Modem}},
  howpublished = {\url{https://en.wikipedia.org/wiki/Modem}},
}

@misc{modemBritanica,
  title = {{Britanicca: Modem}},
  howpublished = {\url{https://www.britannica.com/technology/modem/The-second-generation}},
}
